@online{Tse22,
    title={MATH594: Topics in Ergodic Theory and Measured Group Theory},
    author={Anush Tserunyan},
    url={https://www.math.mcgill.ca/atserunyan/Courses/2022_W.Math594.Erg&MsGrp/},
    label={Tse22}
}

@online{Tse23,
    title={MATH564: Advanced Real Analysis 1},
    author={Anush Tserunyan},
    url={https://www.math.mcgill.ca/atserunyan/Courses/2023F.Math564.Analysis 1/},
    label={Tse23}
}

@online{Tao08,
    title={The Furstenberg correspondence principle},
    author={Terence Tao},
    url={https://terrytao.wordpress.com/2008/02/10/254a-lecture-10-the-furstenberg-correspondence-principle/},
    label={Tao08}
}

@book{Fol99,
    title={Real Analysis},
    subtitle={Modern Techniques and Their Applications},
    author={Gerald B. Folland},
    date={1999},
    edition={2},
    publisher={John Wiley \& Sons},
    series={Pure and Applied Mathematics: A Wiley Series of Texts, Monographs and Tracts}
}

@book{Kec95,
    title={Classical Descriptive Set Theory},
    author={Alexander S. Kechris},
    date={1995},
    publisher={Springer New York, NY},
    series={Graduate Texts in Mathematics}
}

@article{Fur77,
    title={Ergodic behavior of diagonal measures and a theorem of Szemerédi on arithmetic progressions},
    author={Harry Furstenberg},
    date={1977},
    journal={Journal d’Analyse Mathématique},
    pages={204–256},
    volume={31}
}
